<record><leader>00000cas a22000007a 4500</leader><controlfield tag="001">12302796</controlfield><controlfield tag="008">850725d183818uunyuwr ne      0    0eng d</controlfield><datafield ind1=" " ind2=" " tag="010"><subfield code="a">sn 85026625 </subfield></datafield><datafield ind1=" " ind2=" " tag="040"><subfield code="a">NPX</subfield><subfield code="b">eng</subfield><subfield code="c">NPX</subfield><subfield code="d">OCLCQ</subfield></datafield><datafield ind1="0" ind2="4" tag="245"><subfield code="a">The Honeoye-Falls standard.</subfield></datafield><datafield ind1=" " ind2=" " tag="260"><subfield code="a">Honeoye-Falls, N.Y. :</subfield><subfield code="b">E.B. Vedder &amp; J.D. Norris</subfield></datafield><datafield ind1=" " ind2=" " tag="300"><subfield code="a">v.</subfield></datafield><datafield ind1=" " ind2=" " tag="310"><subfield code="a">Weekly</subfield></datafield><datafield ind1="1" ind2=" " tag="362"><subfield code="a">Began in 1838.</subfield><subfield code="z">Cf. Gregory, W. Amer. newspapers.</subfield></datafield><datafield ind1=" " ind2=" " tag="580"><subfield code="a">Continues: Honeoye standard. Cf. Landmarks of Monroe Co., N.Y., 1895.</subfield></datafield><datafield ind1=" " ind2=" " tag="588"><subfield code="a">Description based on: Vol. 2, no. 36 (May 16, 1839).</subfield></datafield><datafield ind1=" " ind2=" " tag="752"><subfield code="a">United States</subfield><subfield code="b">New York</subfield><subfield code="c">Monroe</subfield><subfield code="d">Honeoye Falls.</subfield></datafield><datafield ind1="1" ind2="0" tag="780"><subfield code="t">Honeoye standard</subfield><subfield code="w">(DLC)sn 83031759</subfield></datafield></record>